@misc{ref:loadsensor,
author = {},
title = {FSG15N1A HONEYWELL, Force Sensor, Robust, FS Series, 1500 g, 10 Vdc, -40 °C to 85 °C | Farnell element14},
howpublished = {\url{http://uk.farnell.com/honeywell/fsg15n1a/force-sensor-1-5kg/dp/7216671}},
month = {},
year = {},
note = {(Accessed on 01/25/2017)}
}

@misc{MICROSWI18:online,
author = {},
title = {MICRO SWITCH Force Sensors Force Sensor},
howpublished = {\url{http://www.farnell.com/datasheets/1685533.pdf?_ga=1.208722705.2033703946.1481550684}},
month = {},
year = {},
note = {(Accessed on 01/25/2017)}
}

@misc{RITRPR9U23:online,
author = {},
title = {RI-TRP-R9UR-30 TEXAS INSTRUMENTS, RFID Transponder | Farnell element14},
howpublished = {\url{http://uk.farnell.com/texas-instruments/ri-trp-r9ur-30/rfid-transponder/dp/2125829}},
month = {},
year = {},
note = {(Accessed on 01/25/2017)}
}

@misc{TheCuise14:online,
author = {},
title = {The Cuisenaire Company},
howpublished = {\url{http://www.cuisenaire.co.uk/}},
month = {},
year = {},
note = {(Accessed on 01/25/2017)}
}

@misc{Mathemat26:online,
author = {},
title = {Mathematics programmes of study: key stages 1 and 2},
howpublished = {\url{https://www.gov.uk/government/uploads/system/uploads/attachment_data/file/335158/PRIMARY_national_curriculum_-_Mathematics_220714.pdf}},
month = {},
year = {},
note = {(Accessed on 01/25/2017)}
}

@misc{24Lesnom77:online,
author = {},
title = {24. Les nombres en Couleurs: les changements de base de numération - vidéo Dailymotion},
howpublished = {\url{http://www.dailymotion.com/video/x1ypnnq_24-les-nombres-en-couleurs-les-changements-de-base-de-numeration_school}},
month = {},
year = {},
note = {(Accessed on 01/25/2017)}
}

